@article{BELLO201752,
    title = {{Network layer inter-operation of Device-to-Device communication technologies in Internet of Things (IoT)}},
    journal = "Ad Hoc Networks",
    volume = "57",
    pages = "52 - 62",
    year = "2017",
    note = "Special Issue on Internet of Things and Smart Cities\: security, privacy and new technologies",
    issn = "1570-8705",
    doi = "https://doi.org/10.1016/j.adhoc.2016.06.010",
    url = "http://www.sciencedirect.com/science/article/pii/S1570870516301597",
    author = "Oladayo Bello and Sherali Zeadally and Mohamad Badra",
    keywords = "Bluetooth, Device-to-Device, Internet of Things, Interoperability, IPv6, PLC, RFID, Zigbee"
}

@incollection{yang2014internet,
  title={Internet of things},
  author={Yang, Shuang-Hua},
  booktitle={Wireless Sensor Networks},
  year={2014},
  publisher={Springer}
}

@misc{essameldindevice,
  title={{Device-to-Device Communication in the Internet of Things QSIURP Report}},
  author={Essameldin, Aliaa and Harras, Khaled},
  year={2016}
}

@inproceedings{kohvakka2006performance,
  title={{Performance analysis of IEEE 802.15. 4 and ZigBee for large-scale wireless sensor network applications}},
  author={Kohvakka, Mikko and Kuorilehto, Mauri and H{\"a}nnik{\"a}inen, Marko and H{\"a}m{\"a}l{\"a}inen, Timo D},
  booktitle={Proceedings of the 3rd ACM international workshop on Performance evaluation of wireless ad hoc, sensor and ubiquitous networks},
  pages={48--57},
  year={2006},
  organization={ACM}
}

@manual{zigbee2007spec,
    title={{Document 053474r20; ZigBee Specification}},
    author={{ZigBee Alliance}},
    year={2012},
    organization={ZigBee Standards Organization}
}

@inproceedings{sivieri2012wsn,
  title={{WSN-Erlang: a Functional, High Level Approach to WSN Development}},
  author={Sivieri, Alessandro and Cugola, Gianpaolo},
  booktitle={9th European Conference on Wireless Sensor Networks (EWSN 2012)},
  pages={27--2},
  year={2012},
  organization={Citeseer}
}

@inproceedings{sivieri2012erlang,
  title={{Erlang meets WSNs: a functional approach to WSN programming}},
  author={Sivieri, Alessandro},
  booktitle={Pervasive Computing and Communications Workshops (PERCOM Workshops), 2012 IEEE International Conference on},
  pages={562--563},
  year={2012},
  organization={IEEE}
}

@misc{armstrong2003concurrency,
  title={{Concurrency oriented programming in Erlang}},
  author={Armstrong, Joe},
  year={2003}
}

@inproceedings{armstrong1996erlang,
  title={{Erlang—a Survey of the Language and its Industrial Applications}},
  author={Armstrong, Joe},
  booktitle={Proc. INAP},
  volume={96},
  year={1996}
}

@inproceedings{armstrong1997development,
  title={{The development of Erlang}},
  author={Armstrong, Joe},
  booktitle={ACM SIGPLAN Notices},
  volume={{32, No. 8}},
  pages={196--203},
  year={1997},
  organization={ACM}
}

@misc{leibson_2008,
  title={{IPV6: How Many IP Addresses Can Dance on the Head of a Pin?}},
  howpublished={EDN Network},
  author={Leibson, Steve},
  year={2008},
  Note="\url{https://www.edn.com/electronics-blogs/other/4306822/IPV6-How-Many-IP-Addresses-Can-Dance-on-the-Head-of-a-Pin-} [Accessed: 2018-11-30]"
}

@article{armstrong2010erlang,
  title={Erlang},
  author={Armstrong, Joe},
  journal={Communications of the ACM},
  volume={53},
  number={9},
  pages={68--75},
  year={2010},
  publisher={ACM}
}

@article{haenisch2016case,
  title={A case study on using functional programming for internet of things applications},
  author={Haenisch, Till},
  journal={Athens Journal of Technology \& Engineering},
  volume={3},
  number={1},
  pages={29--38},
  year={2016}
}

@misc{carmack2013,
    title={{John Carmack Keynote - Quakecon 2013}},
    year={2013},
    howpublished = {Youtube},
    author={John Carmack},
    Note="\url{https://www.youtube.com/watch?v=Uooh0Y9fC_M}
           [Accessed: 2018-11-30]"
}

@inproceedings{ray2014large,
  title={A large scale study of programming languages and code quality in github},
  author={Ray, Baishakhi and Posnett, Daryl and Filkov, Vladimir and Devanbu, Premkumar},
  booktitle={Proceedings of the 22nd ACM SIGSOFT International Symposium on Foundations of Software Engineering},
  pages={155--165},
  year={2014},
  organization={ACM}
}

@book{gutierrez2004low,
  title={{Low-rate wireless personal area networks: enabling wireless sensors with IEEE 802.15.4}},
  author={Gutierrez, Jose A and Callaway, Edgar H and Barrett, Raymond L},
  year={2004},
  publisher={IEEE Standards Association}
}

@manual{lan2003part,
  title={{IEEE} Standard for Information Technology — Telecommunications and
        Information Exchange between Systems — Local and Metropolitan Area
        Networks — Specific Requirements — Part 15.4: Wireless Medium Access
        Control ({MAC}) and Physical Layer ({PHY}) Specifications for Low Rate
        Wireless Personal Area Networks ({LR-WPANs})},
  author={{Institute of Electrical and Electronics Engineers, Inc.}},
  organization={IEEE Std 802.15.4-2003. New York: IEEE Press},
  year={2003},
  Note="\url{https://www.iith.ac.in/~tbr/teaching/docs/802.15.4-2003.pdf}
           [Accessed: 2019-01-17]"
}

@manual{7460875, 
    author={{IEEE Computer Society}}, 
    organization={IEEE Std 802.15.4-2015 (Revision of IEEE Std 802.15.4-2011)}, 
    title={{IEEE} Standard for Low-Rate Wireless Networks}, 
    year={2016}, 
    pages={1-709},
}

@misc{zigbee_alliance_2019,
    title={{Zigbee is the only complete loT solution, from the mesh network to the universal language that allows smart objects to work together.}},
    Note="\url{https://www.zigbee.org/zigbee-for-developers/zigbee-3-0/}
                [Accessed: 2019-01-13]",
    howpublished={Zigbee Alliance},
    author={{Zigbee Alliance}},
    year={2019}
}

@book{gislason2008zigbee,
  title={ZigBee wireless networking},
  author={Gislason, Drew},
  year={2008},
  publisher={Newnes}
}

@book{farahani2011zigbee,
  title={ZigBee wireless networks and transceivers},
  author={Farahani, Shahin},
  year={2011},
  publisher={Newnes}
}

@misc{ericsson_ab_2019,
    title={{Erlang/OTP 21.2}},
    howpublished={Erlang.org},
    author={{Ericsson AB}},
    year={2019},
    Note="\url{http://erlang.org/doc/index.html}
                [Accessed: 2019-01-18]"
}


@inproceedings{fedrecheski2016elixir,
  title={{Elixir programming language evaluation for IoT}},
  author={Fedrecheski, Geovane and Costa, Laisa CP and Zuffo, Marcelo K},
  booktitle={Consumer Electronics ({ISCE}), 2016 {IEEE} International Symposium on},
  pages={105--106},
  year={2016},
  organization={IEEE}
}


@article{militano20155g,
    author={L. Militano and G. Araniti and M. Condoluci and I. Farris and A. Iera},
    title={{Device-to-Device Communications for 5G Internet of Things}},
    journal={EAI Endorsed Transactions on Internet of Things},
    volume={1},
    number={1},
    publisher={EAI},
    journal_a={IOT},
    year={2015},
    pages={e4},
    keywords={Device-to-Device; Internet of Things; Proximity services; 5G systems.},
    doi={10.4108/eai.26-10-2015.150598}
}

@article{sivieri2016building,
  title={Building internet of things software with eliot},
  author={Sivieri, Alessandro and Mottola, Luca and Cugola, Gianpaolo},
  journal={Computer Communications},
  volume={89},
  pages={141--153},
  year={2016},
  publisher={Elsevier}
}

@manual{nxp2012board,
    title={{SABRE Board for Smart Devices Based on the i.MX 6 Series}},
    author={{NXP}},
    year={2012},
    organization={Document number: {IMX6SABRESDBFS REV 3}},
    Note="\url{https://www.nxp.com/files-static/32bit/doc/fact_sheet/RDIMX6SABREBRDFS.pdf}
                [Accessed: 2019-01-24]"
}

@book{thomas2018programming,
  title={{Programming Elixir$\geq$ 1.6: Functional|> Concurrent|> Pragmatic|> Fun}},
  author={Thomas, Dave},
  year={2018},
  publisher={Pragmatic Bookshelf}
}

@inproceedings{mainland2008flask,
  title={{Flask: Staged functional programming for sensor networks}},
  author={Mainland, Geoffrey and Morrisett, Greg and Welsh, Matt},
  booktitle={ACM Sigplan Notices},
  volume={{43, No. 9}},
  pages={335--346},
  year={2008},
  organization={ACM}
}

@manual{digi2019rf,
    title={{DIGI XBEE® AND DIGI XBEE-PRO® ZIGBEE}},
    author={{DIGI}},
    year={2019},
    organization={Digi International Inc},
    Note="\url{https://www.mouser.se/datasheet/2/111/ds_xbee_zigbee-1019686.pdf}
                [Accessed: 2019-02-09]"
}